<record><leader>00000cas a2200000 a 4500</leader><controlfield tag="001">4178093</controlfield><controlfield tag="008">780830d195319uumsumr ne      0   a0eng c</controlfield><datafield ind1=" " ind2=" " tag="010"><subfield code="a">sn 85044791 </subfield></datafield><datafield ind1=" " ind2=" " tag="040"><subfield code="a">MUL</subfield><subfield code="b">eng</subfield><subfield code="c">MUL</subfield><subfield code="d">CPN</subfield><subfield code="d">MSJ</subfield><subfield code="d">PPM</subfield><subfield code="d">NVK</subfield><subfield code="d">NVF</subfield><subfield code="d">NYS</subfield><subfield code="d">OCLCQ</subfield><subfield code="d">CUS</subfield><subfield code="d">OCLCQ</subfield><subfield code="d">OCLCF</subfield><subfield code="d">OCLCO</subfield><subfield code="d">DLC</subfield></datafield><datafield ind1=" " ind2=" " tag="022"><subfield code="a">0031-6210</subfield></datafield><datafield ind1=" " ind2=" " tag="042"><subfield code="a">pcc</subfield></datafield><datafield ind1=" " ind2=" " tag="043"><subfield code="a">n-us-ms</subfield></datafield><datafield ind1="0" ind2="0" tag="050"><subfield code="a">Newspaper</subfield></datafield><datafield ind1="1" ind2="4" tag="050"><subfield code="a">AP2</subfield><subfield code="b">.P48</subfield></datafield><datafield ind1="0" ind2="4" tag="245"><subfield code="a">The Petal paper.</subfield></datafield><datafield ind1=" " ind2=" " tag="260"><subfield code="a">Petal, Miss. :</subfield><subfield code="b">Petal Pub. Co.</subfield></datafield><datafield ind1=" " ind2=" " tag="300"><subfield code="a">v.</subfield></datafield><datafield ind1=" " ind2=" " tag="310"><subfield code="a">Monthly,</subfield><subfield code="b">June 1962-&lt;Aug. 1972&gt;</subfield></datafield><datafield ind1=" " ind2=" " tag="321"><subfield code="a">Weekly,</subfield><subfield code="b">1953-July 28, 1960</subfield></datafield><datafield ind1=" " ind2=" " tag="321"><subfield code="a">Bimonthly,</subfield><subfield code="b">Aug. 11, 1960-May 17, 1962</subfield></datafield><datafield ind1="0" ind2=" " tag="362"><subfield code="a">Vol. 1, no. 1 (Nov. 19, 1953)-</subfield></datafield><datafield ind1=" " ind2=" " tag="500"><subfield code="a">Editor: Percy Dale East.</subfield></datafield><datafield ind1=" " ind2=" " tag="500"><subfield code="a">Published in Petal, Miss., 1953-Oct. 23, 1958; Hattiesburg, Miss., Oct. 30, 1958-Aug. 1964; Fairhope, Ala., Sept. 1964-&lt;Aug. 1972&gt;</subfield></datafield><datafield ind1=" " ind2=" " tag="500"><subfield code="a">Publisher: East Publication Co., &lt;Vol. 14, no. 6 (Apr. 1967)--Vol. 19, no. 10 (Aug. 8, 1972)&gt;.</subfield></datafield><datafield ind1=" " ind2=" " tag="588"><subfield code="a">Latest issue consulted: Vol. 19, no. 10 (Aug. 8, 1972).</subfield></datafield><datafield ind1=" " ind2="0" tag="651"><subfield code="a">Petal (Miss.)</subfield><subfield code="v">Newspapers.</subfield></datafield><datafield ind1=" " ind2="0" tag="651"><subfield code="a">Forrest County (Miss.)</subfield><subfield code="v">Newspapers.</subfield></datafield><datafield ind1=" " ind2="0" tag="651"><subfield code="a">Hattiesburg (Miss.)</subfield><subfield code="v">Newspapers.</subfield></datafield><datafield ind1=" " ind2="0" tag="651"><subfield code="a">Fairhope (Ala.)</subfield><subfield code="v">Newspapers.</subfield></datafield><datafield ind1=" " ind2="0" tag="651"><subfield code="a">Baldwin County (Ala.)</subfield><subfield code="v">Newspapers.</subfield></datafield><datafield ind1=" " ind2="7" tag="651"><subfield code="a">Alabama</subfield><subfield code="z">Baldwin County.</subfield><subfield code="2">fast</subfield><subfield code="0">(OCoLC)fst01215487</subfield></datafield><datafield ind1=" " ind2="7" tag="651"><subfield code="a">Alabama</subfield><subfield code="z">Fairhope.</subfield><subfield code="2">fast</subfield><subfield code="0">(OCoLC)fst01205201</subfield></datafield><datafield ind1=" " ind2="7" tag="651"><subfield code="a">Mississippi</subfield><subfield code="z">Forrest County.</subfield><subfield code="2">fast</subfield><subfield code="0">(OCoLC)fst01208486</subfield></datafield><datafield ind1=" " ind2="7" tag="651"><subfield code="a">Mississippi</subfield><subfield code="z">Hattiesburg.</subfield><subfield code="2">fast</subfield><subfield code="0">(OCoLC)fst01208381</subfield></datafield><datafield ind1=" " ind2="7" tag="651"><subfield code="a">Mississippi</subfield><subfield code="z">Petal.</subfield><subfield code="2">fast</subfield><subfield code="0">(OCoLC)fst01226274</subfield></datafield><datafield ind1=" " ind2="7" tag="655"><subfield code="a">Newspapers.</subfield><subfield code="2">fast</subfield><subfield code="0">(OCoLC)fst01423814</subfield></datafield><datafield ind1="1" ind2=" " tag="700"><subfield code="a">East, Percy Dale.</subfield></datafield><datafield ind1=" " ind2=" " tag="752"><subfield code="a">United States</subfield><subfield code="b">Alabama</subfield><subfield code="c">Baldwin</subfield><subfield code="d">Fairhope.</subfield></datafield><datafield ind1=" " ind2=" " tag="752"><subfield code="a">United States</subfield><subfield code="b">Mississippi</subfield><subfield code="c">Forrest</subfield><subfield code="d">Petal.</subfield></datafield><datafield ind1=" " ind2=" " tag="752"><subfield code="a">United States</subfield><subfield code="b">Mississippi</subfield><subfield code="c">Forrest</subfield><subfield code="d">Hattiesburg.</subfield></datafield><datafield ind1="1" ind2=" " tag="029"><subfield code="a">AU@</subfield><subfield code="b">000004369638</subfield></datafield></record>